<record><leader>00000cas a22000007a 4500</leader><controlfield tag="001">11811788</controlfield><controlfield tag="008">850315d18891891hiuwr ne      0    0por d</controlfield><datafield ind1=" " ind2=" " tag="010"><subfield code="a">sn 85047041 </subfield></datafield><datafield ind1=" " ind2=" " tag="040"><subfield code="a">HWN</subfield><subfield code="b">eng</subfield><subfield code="c">HWN</subfield><subfield code="d">OCLCQ</subfield><subfield code="d">OCLCF</subfield><subfield code="d">OCLCO</subfield><subfield code="d">OCL</subfield></datafield><datafield ind1=" " ind2=" " tag="042"><subfield code="a">msc</subfield></datafield><datafield ind1=" " ind2=" " tag="043"><subfield code="a">n-us-hi</subfield></datafield><datafield ind1="0" ind2="0" tag="245"><subfield code="a">Aurora hawaiiana.</subfield></datafield><datafield ind1=" " ind2=" " tag="260"><subfield code="a">Honolulu, H.I. :</subfield><subfield code="b">Sociedade Editora Aurora Hawaiiana</subfield></datafield><datafield ind1=" " ind2=" " tag="300"><subfield code="a">3 v.</subfield></datafield><datafield ind1=" " ind2=" " tag="310"><subfield code="a">Weekly</subfield></datafield><datafield ind1="1" ind2=" " tag="362"><subfield code="a">Began in 1889; ceased in 1891.</subfield><subfield code="z">Cf. Knowlton, E. Portuguese lang. press of Hawaii.</subfield></datafield><datafield ind1=" " ind2=" " tag="500"><subfield code="a">"Jornal littera&#769;rio, liberal, mercantil e instructivo, consagrado a&#768; co&#770;lonia portugueza das ilhas de Sandwich."</subfield></datafield><datafield ind1=" " ind2=" " tag="500"><subfield code="a">Editor: J.M. de Freitas.</subfield></datafield><datafield ind1=" " ind2=" " tag="588"><subfield code="a">Description based on: Anno 1o, no. 35 (3 de agosto, 1889).</subfield></datafield><datafield ind1=" " ind2="0" tag="650"><subfield code="a">Portuguese periodicals</subfield><subfield code="z">Hawaii.</subfield></datafield><datafield ind1=" " ind2="7" tag="650"><subfield code="a">Portuguese periodicals.</subfield><subfield code="2">fast</subfield><subfield code="0">(OCoLC)fst01072603</subfield></datafield><datafield ind1=" " ind2="7" tag="651"><subfield code="a">Hawaii.</subfield><subfield code="2">fast</subfield><subfield code="0">(OCoLC)fst01208724</subfield></datafield><datafield ind1="1" ind2=" " tag="700"><subfield code="a">Freitas, Jose&#769; Manoel de.</subfield></datafield><datafield ind1=" " ind2=" " tag="752"><subfield code="a">United States</subfield><subfield code="b">Hawaii</subfield><subfield code="c">Honolulu</subfield><subfield code="d">Honolulu.</subfield></datafield><datafield ind1="0" ind2="7" tag="785"><subfield code="t">Luso hawaiiano</subfield><subfield code="w">(DLC)sn 85047042</subfield></datafield><datafield ind1="0" ind2="7" tag="785"><subfield code="t">Unia&#771;o lusitana-hawaiiana</subfield><subfield code="w">(DLC)sn 85047043</subfield></datafield></record>